
    <zs:record>
      <zs:recordSchema/>
      <zs:recordPacking>xml</zs:recordPacking>
      <zs:recordData>
        <record xmlns="http://www.loc.gov/MARC21/slim">
          <leader>01120cam a2200313 i 4500</leader>
          <controlfield tag="001">1362474</controlfield>
          <controlfield tag="005">19940419160421.1</controlfield>
          <controlfield tag="008">800325s1976    gw a     b    000 0 ger  </controlfield>
          <datafield tag="035" ind1=" " ind2=" ">
            <subfield code="9">(DLC)   80460754</subfield>
          </datafield>
          <datafield tag="906" ind1=" " ind2=" ">
            <subfield code="a">7</subfield>
            <subfield code="b">cbc</subfield>
            <subfield code="c">orignew</subfield>
            <subfield code="d">4</subfield>
            <subfield code="e">ncip</subfield>
            <subfield code="f">19</subfield>
            <subfield code="g">y-gencatlg</subfield>
          </datafield>
          <datafield tag="010" ind1=" " ind2=" ">
            <subfield code="a">   80460754 </subfield>
          </datafield>
          <datafield tag="015" ind1=" " ind2=" ">
            <subfield code="a">GFR77-A</subfield>
          </datafield>
          <datafield tag="020" ind1=" " ind2=" ">
            <subfield code="a">3791704931 :</subfield>
            <subfield code="c">DM24.80</subfield>
          </datafield>
          <datafield tag="040" ind1=" " ind2=" ">
            <subfield code="a">DLC</subfield>
            <subfield code="c">DLC</subfield>
            <subfield code="d">DLC</subfield>
          </datafield>
          <datafield tag="043" ind1=" " ind2=" ">
            <subfield code="a">e-gx---</subfield>
          </datafield>
          <datafield tag="050" ind1="0" ind2="0">
            <subfield code="a">N7950.A3</subfield>
            <subfield code="b">U668</subfield>
          </datafield>
          <datafield tag="100" ind1="1" ind2=" ">
            <subfield code="a">Widmann, Werner A.</subfield>
          </datafield>
          <datafield tag="245" ind1="1" ind2="4">
            <subfield code="a">Die wahrhaft göttliche Komedi :</subfield>
            <subfield code="b">Hauskrippen im Stiftland /</subfield>
            <subfield code="c">Werner A. Widmann, Wilkin Spitta.</subfield>
          </datafield>
          <datafield tag="260" ind1=" " ind2=" ">
            <subfield code="a">Regensburg :</subfield>
            <subfield code="b">Pustet,</subfield>
            <subfield code="c">1976.</subfield>
          </datafield>
          <datafield tag="300" ind1=" " ind2=" ">
            <subfield code="a">103 p. :</subfield>
            <subfield code="b">numerous ill. (some col.) ;</subfield>
            <subfield code="c">20 cm.</subfield>
          </datafield>
          <datafield tag="490" ind1="0" ind2=" ">
            <subfield code="a">Oberpfälzer Kostbarkeiten</subfield>
          </datafield>
          <datafield tag="504" ind1=" " ind2=" ">
            <subfield code="a">Includes bibliographical references.</subfield>
          </datafield>
          <datafield tag="650" ind1=" " ind2="0">
            <subfield code="a">Christian art and symbolism</subfield>
            <subfield code="z">Germany</subfield>
            <subfield code="z">Oberpfalz.</subfield>
          </datafield>
          <datafield tag="650" ind1=" " ind2="0">
            <subfield code="a">Crèches (Nativity scenes)</subfield>
            <subfield code="z">Germany</subfield>
            <subfield code="z">Oberpfalz.</subfield>
          </datafield>
          <datafield tag="650" ind1=" " ind2="0">
            <subfield code="a">Figurines</subfield>
            <subfield code="z">Germany</subfield>
            <subfield code="z">Oberpfalz.</subfield>
          </datafield>
          <datafield tag="650" ind1=" " ind2="0">
            <subfield code="a">Folk art</subfield>
            <subfield code="z">Germany</subfield>
            <subfield code="z">Oberpfalz.</subfield>
          </datafield>
          <datafield tag="650" ind1=" " ind2="0">
            <subfield code="a">Christmas</subfield>
            <subfield code="z">Germany</subfield>
            <subfield code="z">Oberpfalz.</subfield>
          </datafield>
          <datafield tag="700" ind1="1" ind2=" ">
            <subfield code="a">Spitta, Wilkin,</subfield>
            <subfield code="e">joint author.</subfield>
          </datafield>
          <datafield tag="991" ind1=" " ind2=" ">
            <subfield code="b">c-GenColl</subfield>
            <subfield code="h">N7950.A3</subfield>
            <subfield code="i">U668</subfield>
            <subfield code="t">Copy 1</subfield>
            <subfield code="w">BOOKS</subfield>
          </datafield>
        </record>
      </zs:recordData>
      <zs:recordPosition>113</zs:recordPosition>
    </zs:record>